@misc{https://doi.org/10.48550/arxiv.1911.10698,
  doi = {10.48550/ARXIV.1911.10698},
  
  url = {https://arxiv.org/abs/1911.10698},
  
  author = {Bhattacharyya, Arnab and Chandran, L. Sunil and Ghoshal, Suprovat},
  
  keywords = {Computational Complexity (cs.CC), Combinatorics (math.CO), FOS: Computer and information sciences, FOS: Computer and information sciences, FOS: Mathematics, FOS: Mathematics},
  
  title = {Combinatorial lower bounds for 3-query LDCs},
  
  publisher = {arXiv},
  
  year = {2019},
  
  copyright = {arXiv.org perpetual, non-exclusive license}
}

@TECHREPORT{Alrabiah2022-ds,
  title       = "A near-cubic lower bound for 3-query locally decodable codes
                 from semirandom {CSP} refutation",
  author      = "Alrabiah, Omar and Guruswami, Venkatesan and Kothari, Pravesh
                 and Manohar, Peter",
  abstract    = "Homepage of the Electronic Colloquium on Computational
                 Complexity located at the Weizmann Institute of Science,
                 Israel",
  number      = "TR22-101",
  institution = "Electronic Colloquium on Computational Complexity (ECCC)",
  month       =  jul,
  year        =  2022
}
